%YAML 1.1
%TAG !u! tag:unity3d.com,2011:
--- !u!1 &5070200202872035628
GameObject:
  m_ObjectHideFlags: 0
  m_CorrespondingSourceObject: {fileID: 0}
  m_PrefabInstance: {fileID: 0}
  m_PrefabAsset: {fileID: 0}
  serializedVersion: 6
  m_Component:
  - component: {fileID: 5070200202872035630}
  - component: {fileID: 5070200202872035631}
  - component: {fileID: 4231549646788168400}
  - component: {fileID: 5991537504202814376}
  - component: {fileID: 4455708844537720083}
  - component: {fileID: 7017337645756907866}
  m_Layer: 0
  m_Name: Enemy1
  m_TagString: Enemy1
  m_Icon: {fileID: 0}
  m_NavMeshLayer: 0
  m_StaticEditorFlags: 0
  m_IsActive: 1
--- !u!4 &5070200202872035630
Transform:
  m_ObjectHideFlags: 0
  m_CorrespondingSourceObject: {fileID: 0}
  m_PrefabInstance: {fileID: 0}
  m_PrefabAsset: {fileID: 0}
  m_GameObject: {fileID: 5070200202872035628}
  m_LocalRotation: {x: 0, y: 0, z: 0, w: 1}
  m_LocalPosition: {x: 60, y: -0.5, z: 0}
  m_LocalScale: {x: 2, y: 2, z: 2}
  m_Children:
  - {fileID: 5070200203377512388}
  - {fileID: 8345603902820966578}
  m_Father: {fileID: 0}
  m_RootOrder: 0
  m_LocalEulerAnglesHint: {x: 0, y: 0, z: 0}
--- !u!114 &5070200202872035631
MonoBehaviour:
  m_ObjectHideFlags: 0
  m_CorrespondingSourceObject: {fileID: 0}
  m_PrefabInstance: {fileID: 0}
  m_PrefabAsset: {fileID: 0}
  m_GameObject: {fileID: 5070200202872035628}
  m_Enabled: 1
  m_EditorHideFlags: 0
  m_Script: {fileID: 11500000, guid: 48d32dfce3abdd84eb33ea831b306b81, type: 3}
  m_Name: 
  m_EditorClassIdentifier: 
  speed: 10
  groundDetection: {fileID: 5070200203417762541}
--- !u!50 &4231549646788168400
Rigidbody2D:
  serializedVersion: 4
  m_ObjectHideFlags: 0
  m_CorrespondingSourceObject: {fileID: 0}
  m_PrefabInstance: {fileID: 0}
  m_PrefabAsset: {fileID: 0}
  m_GameObject: {fileID: 5070200202872035628}
  m_BodyType: 0
  m_Simulated: 1
  m_UseFullKinematicContacts: 0
  m_UseAutoMass: 0
  m_Mass: 1
  m_LinearDrag: 0
  m_AngularDrag: 0.05
  m_GravityScale: 1
  m_Material: {fileID: 0}
  m_Interpolate: 0
  m_SleepingMode: 1
  m_CollisionDetection: 0
  m_Constraints: 0
--- !u!61 &5991537504202814376
BoxCollider2D:
  m_ObjectHideFlags: 0
  m_CorrespondingSourceObject: {fileID: 0}
  m_PrefabInstance: {fileID: 0}
  m_PrefabAsset: {fileID: 0}
  m_GameObject: {fileID: 5070200202872035628}
  m_Enabled: 1
  m_Density: 1
  m_Material: {fileID: 0}
  m_IsTrigger: 0
  m_UsedByEffector: 0
  m_UsedByComposite: 0
  m_Offset: {x: 0.0142736435, y: 0.79964054}
  m_SpriteTilingProperty:
    border: {x: 0, y: 0, z: 0, w: 0}
    pivot: {x: 0, y: 0}
    oldSize: {x: 0, y: 0}
    newSize: {x: 0, y: 0}
    adaptiveTilingThreshold: 0
    drawMode: 0
    adaptiveTiling: 0
  m_AutoTiling: 0
  serializedVersion: 2
  m_Size: {x: 1.2408848, y: 1.8903139}
  m_EdgeRadius: 0
--- !u!58 &4455708844537720083
CircleCollider2D:
  m_ObjectHideFlags: 0
  m_CorrespondingSourceObject: {fileID: 0}
  m_PrefabInstance: {fileID: 0}
  m_PrefabAsset: {fileID: 0}
  m_GameObject: {fileID: 5070200202872035628}
  m_Enabled: 1
  m_Density: 1
  m_Material: {fileID: 0}
  m_IsTrigger: 1
  m_UsedByEffector: 0
  m_UsedByComposite: 0
  m_Offset: {x: 0, y: 0.6924249}
  serializedVersion: 2
  m_Radius: 0.9729272
--- !u!114 &7017337645756907866
MonoBehaviour:
  m_ObjectHideFlags: 0
  m_CorrespondingSourceObject: {fileID: 0}
  m_PrefabInstance: {fileID: 0}
  m_PrefabAsset: {fileID: 0}
  m_GameObject: {fileID: 5070200202872035628}
  m_Enabled: 1
  m_EditorHideFlags: 0
  m_Script: {fileID: 11500000, guid: 6e8a997b2fbe26b408f664a84629021e, type: 3}
  m_Name: 
  m_EditorClassIdentifier: 
  pickupPrefabs:
  - {fileID: 458487452, guid: 43683f0f5cfb86f4cab78ded18fe34d4, type: 3}
  - {fileID: 110777672986586508, guid: 49fc44ff74d2c994fbf39b06bdd0b031, type: 3}
  patrol: {fileID: 0}
--- !u!1 &5070200203417762546
GameObject:
  m_ObjectHideFlags: 0
  m_CorrespondingSourceObject: {fileID: 0}
  m_PrefabInstance: {fileID: 0}
  m_PrefabAsset: {fileID: 0}
  serializedVersion: 6
  m_Component:
  - component: {fileID: 5070200203417762541}
  m_Layer: 0
  m_Name: GameObject
  m_TagString: Untagged
  m_Icon: {fileID: 1206586993520771344, guid: 0000000000000000d000000000000000, type: 0}
  m_NavMeshLayer: 0
  m_StaticEditorFlags: 0
  m_IsActive: 1
--- !u!4 &5070200203417762541
Transform:
  m_ObjectHideFlags: 0
  m_CorrespondingSourceObject: {fileID: 0}
  m_PrefabInstance: {fileID: 0}
  m_PrefabAsset: {fileID: 0}
  m_GameObject: {fileID: 5070200203417762546}
  m_LocalRotation: {x: 0, y: 0, z: 0, w: 1}
  m_LocalPosition: {x: 0.7, y: -2, z: 0}
  m_LocalScale: {x: 1, y: 1, z: 1}
  m_Children: []
  m_Father: {fileID: 5070200203377512388}
  m_RootOrder: 2
  m_LocalEulerAnglesHint: {x: 0, y: 0, z: 0}
--- !u!1001 &5070200203377120580
PrefabInstance:
  m_ObjectHideFlags: 0
  serializedVersion: 2
  m_Modification:
    m_TransformParent: {fileID: 5070200202872035630}
    m_Modifications:
    - target: {fileID: 100000, guid: de32a7368f7dfb543b7be3010d09e8ca, type: 3}
      propertyPath: m_Name
      value: Trashcan1
      objectReference: {fileID: 0}
    - target: {fileID: 400000, guid: de32a7368f7dfb543b7be3010d09e8ca, type: 3}
      propertyPath: m_LocalPosition.x
      value: 0
      objectReference: {fileID: 0}
    - target: {fileID: 400000, guid: de32a7368f7dfb543b7be3010d09e8ca, type: 3}
      propertyPath: m_LocalPosition.y
      value: 0
      objectReference: {fileID: 0}
    - target: {fileID: 400000, guid: de32a7368f7dfb543b7be3010d09e8ca, type: 3}
      propertyPath: m_LocalPosition.z
      value: 0
      objectReference: {fileID: 0}
    - target: {fileID: 400000, guid: de32a7368f7dfb543b7be3010d09e8ca, type: 3}
      propertyPath: m_LocalRotation.x
      value: 0
      objectReference: {fileID: 0}
    - target: {fileID: 400000, guid: de32a7368f7dfb543b7be3010d09e8ca, type: 3}
      propertyPath: m_LocalRotation.y
      value: 0
      objectReference: {fileID: 0}
    - target: {fileID: 400000, guid: de32a7368f7dfb543b7be3010d09e8ca, type: 3}
      propertyPath: m_LocalRotation.z
      value: 0
      objectReference: {fileID: 0}
    - target: {fileID: 400000, guid: de32a7368f7dfb543b7be3010d09e8ca, type: 3}
      propertyPath: m_LocalRotation.w
      value: 1
      objectReference: {fileID: 0}
    - target: {fileID: 400000, guid: de32a7368f7dfb543b7be3010d09e8ca, type: 3}
      propertyPath: m_RootOrder
      value: 0
      objectReference: {fileID: 0}
    - target: {fileID: 400000, guid: de32a7368f7dfb543b7be3010d09e8ca, type: 3}
      propertyPath: m_LocalEulerAnglesHint.x
      value: 0
      objectReference: {fileID: 0}
    - target: {fileID: 400000, guid: de32a7368f7dfb543b7be3010d09e8ca, type: 3}
      propertyPath: m_LocalEulerAnglesHint.y
      value: 0
      objectReference: {fileID: 0}
    - target: {fileID: 400000, guid: de32a7368f7dfb543b7be3010d09e8ca, type: 3}
      propertyPath: m_LocalEulerAnglesHint.z
      value: 0
      objectReference: {fileID: 0}
    m_RemovedComponents: []
  m_SourcePrefab: {fileID: 100100000, guid: de32a7368f7dfb543b7be3010d09e8ca, type: 3}
--- !u!4 &5070200203377512388 stripped
Transform:
  m_CorrespondingSourceObject: {fileID: 400000, guid: de32a7368f7dfb543b7be3010d09e8ca,
    type: 3}
  m_PrefabInstance: {fileID: 5070200203377120580}
  m_PrefabAsset: {fileID: 0}
--- !u!1001 &8349179282178068134
PrefabInstance:
  m_ObjectHideFlags: 0
  serializedVersion: 2
  m_Modification:
    m_TransformParent: {fileID: 5070200202872035630}
    m_Modifications:
    - target: {fileID: 1178894326743412, guid: 042f756de00cb5b4db4d23471365bf39, type: 3}
      propertyPath: m_Name
      value: RadiationCloud_Mobile
      objectReference: {fileID: 0}
    - target: {fileID: 4420973575515668, guid: 042f756de00cb5b4db4d23471365bf39, type: 3}
      propertyPath: m_LocalPosition.x
      value: 0
      objectReference: {fileID: 0}
    - target: {fileID: 4420973575515668, guid: 042f756de00cb5b4db4d23471365bf39, type: 3}
      propertyPath: m_LocalPosition.y
      value: 0.31
      objectReference: {fileID: 0}
    - target: {fileID: 4420973575515668, guid: 042f756de00cb5b4db4d23471365bf39, type: 3}
      propertyPath: m_LocalPosition.z
      value: -0
      objectReference: {fileID: 0}
    - target: {fileID: 4420973575515668, guid: 042f756de00cb5b4db4d23471365bf39, type: 3}
      propertyPath: m_LocalRotation.x
      value: 0.7071068
      objectReference: {fileID: 0}
    - target: {fileID: 4420973575515668, guid: 042f756de00cb5b4db4d23471365bf39, type: 3}
      propertyPath: m_LocalRotation.y
      value: -0
      objectReference: {fileID: 0}
    - target: {fileID: 4420973575515668, guid: 042f756de00cb5b4db4d23471365bf39, type: 3}
      propertyPath: m_LocalRotation.z
      value: -0
      objectReference: {fileID: 0}
    - target: {fileID: 4420973575515668, guid: 042f756de00cb5b4db4d23471365bf39, type: 3}
      propertyPath: m_LocalRotation.w
      value: -0.7071068
      objectReference: {fileID: 0}
    - target: {fileID: 4420973575515668, guid: 042f756de00cb5b4db4d23471365bf39, type: 3}
      propertyPath: m_RootOrder
      value: 1
      objectReference: {fileID: 0}
    - target: {fileID: 4420973575515668, guid: 042f756de00cb5b4db4d23471365bf39, type: 3}
      propertyPath: m_LocalEulerAnglesHint.x
      value: 270
      objectReference: {fileID: 0}
    - target: {fileID: 4420973575515668, guid: 042f756de00cb5b4db4d23471365bf39, type: 3}
      propertyPath: m_LocalEulerAnglesHint.y
      value: 0
      objectReference: {fileID: 0}
    - target: {fileID: 4420973575515668, guid: 042f756de00cb5b4db4d23471365bf39, type: 3}
      propertyPath: m_LocalEulerAnglesHint.z
      value: 0
      objectReference: {fileID: 0}
    - target: {fileID: 198522892330817062, guid: 042f756de00cb5b4db4d23471365bf39,
        type: 3}
      propertyPath: VelocityModule.enabled
      value: 0
      objectReference: {fileID: 0}
    - target: {fileID: 198522892330817062, guid: 042f756de00cb5b4db4d23471365bf39,
        type: 3}
      propertyPath: InitialModule.startSize.minScalar
      value: 20
      objectReference: {fileID: 0}
    - target: {fileID: 198522892330817062, guid: 042f756de00cb5b4db4d23471365bf39,
        type: 3}
      propertyPath: ColorModule.gradient.maxGradient.key0.r
      value: 0.6792453
      objectReference: {fileID: 0}
    - target: {fileID: 198522892330817062, guid: 042f756de00cb5b4db4d23471365bf39,
        type: 3}
      propertyPath: ColorModule.gradient.maxGradient.key0.g
      value: 0.27125788
      objectReference: {fileID: 0}
    - target: {fileID: 198522892330817062, guid: 042f756de00cb5b4db4d23471365bf39,
        type: 3}
      propertyPath: ColorModule.gradient.maxGradient.key0.b
      value: 0.14417945
      objectReference: {fileID: 0}
    - target: {fileID: 198522892330817062, guid: 042f756de00cb5b4db4d23471365bf39,
        type: 3}
      propertyPath: ColorModule.gradient.maxGradient.key2.r
      value: 0.3254902
      objectReference: {fileID: 0}
    - target: {fileID: 198522892330817062, guid: 042f756de00cb5b4db4d23471365bf39,
        type: 3}
      propertyPath: ColorModule.gradient.maxGradient.key2.g
      value: 1
      objectReference: {fileID: 0}
    - target: {fileID: 198522892330817062, guid: 042f756de00cb5b4db4d23471365bf39,
        type: 3}
      propertyPath: ColorModule.gradient.maxGradient.ctime2
      value: 65535
      objectReference: {fileID: 0}
    - target: {fileID: 198522892330817062, guid: 042f756de00cb5b4db4d23471365bf39,
        type: 3}
      propertyPath: ColorModule.gradient.maxGradient.atime2
      value: 49611
      objectReference: {fileID: 0}
    - target: {fileID: 198522892330817062, guid: 042f756de00cb5b4db4d23471365bf39,
        type: 3}
      propertyPath: ColorModule.gradient.maxGradient.key1.r
      value: 0.3254902
      objectReference: {fileID: 0}
    - target: {fileID: 198522892330817062, guid: 042f756de00cb5b4db4d23471365bf39,
        type: 3}
      propertyPath: ColorModule.gradient.maxGradient.key1.g
      value: 1
      objectReference: {fileID: 0}
    - target: {fileID: 198522892330817062, guid: 042f756de00cb5b4db4d23471365bf39,
        type: 3}
      propertyPath: InitialModule.startSize.scalar
      value: 80
      objectReference: {fileID: 0}
    - target: {fileID: 198522892330817062, guid: 042f756de00cb5b4db4d23471365bf39,
        type: 3}
      propertyPath: InitialModule.startColor.maxColor.r
      value: 0.5943396
      objectReference: {fileID: 0}
    - target: {fileID: 198522892330817062, guid: 042f756de00cb5b4db4d23471365bf39,
        type: 3}
      propertyPath: InitialModule.startColor.maxColor.g
      value: 0.10933607
      objectReference: {fileID: 0}
    - target: {fileID: 198522892330817062, guid: 042f756de00cb5b4db4d23471365bf39,
        type: 3}
      propertyPath: InitialModule.startColor.maxColor.b
      value: 0.10933607
      objectReference: {fileID: 0}
    - target: {fileID: 198522892330817062, guid: 042f756de00cb5b4db4d23471365bf39,
        type: 3}
      propertyPath: ColorModule.gradient.maxGradient.ctime0
      value: 0
      objectReference: {fileID: 0}
    - target: {fileID: 198522892330817062, guid: 042f756de00cb5b4db4d23471365bf39,
        type: 3}
      propertyPath: ColorModule.gradient.maxGradient.m_Mode
      value: 0
      objectReference: {fileID: 0}
    - target: {fileID: 198522892330817062, guid: 042f756de00cb5b4db4d23471365bf39,
        type: 3}
      propertyPath: ColorModule.gradient.maxGradient.atime1
      value: 14367
      objectReference: {fileID: 0}
    - target: {fileID: 198522892330817062, guid: 042f756de00cb5b4db4d23471365bf39,
        type: 3}
      propertyPath: ColorModule.gradient.maxGradient.key1.b
      value: 0
      objectReference: {fileID: 0}
    - target: {fileID: 198522892330817062, guid: 042f756de00cb5b4db4d23471365bf39,
        type: 3}
      propertyPath: ColorModule.gradient.maxGradient.key2.a
      value: 0.21176471
      objectReference: {fileID: 0}
    - target: {fileID: 198522892330817062, guid: 042f756de00cb5b4db4d23471365bf39,
        type: 3}
      propertyPath: ColorModule.gradient.maxGradient.m_NumAlphaKeys
      value: 4
      objectReference: {fileID: 0}
    m_RemovedComponents: []
  m_SourcePrefab: {fileID: 100100000, guid: 042f756de00cb5b4db4d23471365bf39, type: 3}
--- !u!4 &8345603902820966578 stripped
Transform:
  m_CorrespondingSourceObject: {fileID: 4420973575515668, guid: 042f756de00cb5b4db4d23471365bf39,
    type: 3}
  m_PrefabInstance: {fileID: 8349179282178068134}
  m_PrefabAsset: {fileID: 0}
